@article{lee,
  title={Evolution of behaviors in autonomous robot using artificial neural network and genetic algorithm},
  author={Lee, Malrey},
  journal={Information Sciences},
  volume={155},
  number={1-2},
  pages={43--60},
  year={2003},
  publisher={Elsevier}
}
@inproceedings{jeremy,
  title={Evolving a virtual ecosystem with genetic algorithms},
  author={Eccles, Jeremy S and Dickerson, Julie A and Shao, Junqing},
  booktitle={Proceedings of the 2000 Congress on Evolutionary Computation. CEC00 (Cat. No. 00TH8512)},
  volume={1},
  pages={753--760},
  year={2000},
  organization={IEEE}
}
@inproceedings{sims,
  title={Evolving virtual creatures},
  author={Sims, Karl},
  booktitle={Proceedings of the 21st annual conference on Computer graphics and interactive techniques},
  pages={15--22},
  year={1994},
  organization={ACM}
}

@article{ga_survey,
  title={Genetic algorithms: A survey},
  author={Srinivas, Mandavilli and Patnaik, Lalit M},
  journal={computer},
  volume={27},
  number={6},
  pages={17--26},
  year={1994},
  publisher={IEEE}
}
